%%%%%%%% history
@article{aharonov1997ftq,
  title={{Fault-tolerant quantum computation with constant error}},
  author={Aharonov, Dorit and Ben-Or, Michael},
  journal={Proceedings of the twenty-ninth annual ACM symposium on Theory of computing},
  pages={176--188},
  year=1997,
  publisher={ACM Press New York, NY, USA}
}

@conference{aharonov1996psd,
  title={{Polynomial simulations of decohered quantum computers}},
  author={Aharonov, Dorit and Ben-Or, Michael},
  booktitle={Foundations of Computer Science, 1996. Proceedings., 37th Annual Symposium on},
  pages={46--55},
  year={1996}
}

@article{shiuniversal,
 author = {Shi, Yaoyun},
 title = {Both Toffoli and controlled-NOT Need Little Help to Do Universal Quantum Computing},
 journal = {Quantum Info. Comput.},
 issue_date = {January 2003},
 volume = {3},
 number = {1},
 month = jan,
 year = {2003},
 issn = {1533-7146},
 pages = {84--92},
 numpages = {9},
 url = {http://dl.acm.org/citation.cfm?id=2011508.2011515},
 acmid = {2011515},
 publisher = {Rinton Press, Incorporated},
} 

%%%%%%%%%%%%%%%%%%%%%%%%%%%%%5
@article{crepeau2002smp,
  title={{Secure multi-party quantum computation}},
  author={Cr{\'e}peau, C. and Gottesman, D. and Smith, A.},
  journal={Proceedings of the thiry-fourth annual ACM symposium on Theory of computing},
  pages={643--652},
  year=2002,
  publisher={ACM Press New York, NY, USA}
}

@article{barnum2002aqm,
    title={{Authentication of Quantum Messages}},
  author={Barnum, H. and Cr{\'e}peau, C. and Gottesman, D. and Smith,
                  A. and Tapp, A.},
  journal={Proceedings of the 43rd Symposium on Foundations of
                  Computer Science},
  pages={449--458},
  year=2002,
  publisher={IEEE Computer Society Washington, DC, USA}

}
@misc{hayden:ucq,
  title={{Universal Composability for Quantum Authentication}},
  author={Hayden, P. and Leung, D. and Mayers, D.},
  publisher={unpublished}
}
@article{benor2006smq,
  title={{Secure Multiparty Quantum Computation with (Only) a Strict
                  Honest Majority}},
  author={Ben-Or, M. and Cr\'epeau, C. and Gottesman, D. and Hassidim,
                  A. and Smith, A.},
  journal={Foundations of Computer Science, 2006. FOCS'05. 47th Annual
                  IEEE Symposium on},
  pages={249--260},
  year=2006
}
@article{shor1997pta,
  title={{Polynomial-time algorithms for prime factorization and
                  discrete logarithms on a quantum computer}},
  author={Shor, PW},
  journal={SIAM journal on computing(Print)},
  volume=26,
  number=5,
  pages={1484--1509},
  year=1997,
  publisher={Society for Industrial and Applied Mathematics}
}

@article{lund1992ami,
  title={{Algebraic methods for interactive proof systems}},
  author={Lund, C. and Fortnow, L. and Karloff, H.},
  journal={Journal of the ACM (JACM)},
  volume=39,
  number=4,
  pages={859--868},
  year=1992,
  publisher={ACM Press New York, NY, USA}
}

@article{shamir1992ip,
  title={{IP= PSPACE}},
  author={Shamir, A.},
  journal={Journal of the ACM (JACM)},
  volume=39,
  number=4,
  pages={869--877},
  year=1992,
  publisher={ACM New York, NY, USA}
}


@article{childs2001saq,
  title={{Secure assisted quantum computation}},
  author={Childs, A.M.},
  journal={Arxiv preprint quant-ph/0111046},
  year=2001
}

@article{blind,
 title={{Blind Quantum Computation}},
  author={Arrighi, P. and Salvail, L. },
  journal={International Journal of Quantum Information},
  volume=4,
  number=5,
  pages={883--898},
  year=2006
}


@article{divincenzo2002qdh,
  title={{Quantum data hiding}},
  author={DiVincenzo, DP and Leung, DW and Terhal, BM and Center, I.B.M.T.J.W.R. and Heights, Y.},
  journal={Information Theory, IEEE Transactions on},
  volume=48,
  number=3,
  pages={580--598},
  year=2002
}

@conference{goldwasser1985kci,
  title={{The knowledge complexity of interactive proof-systems}},
  author={Goldwasser, S. and Micali, S. and Rackoff, C.},
  booktitle={Proceedings of the seventeenth annual ACM symposium on Theory of computing},
  pages={291--304},
  year={1985},
  organization={ACM New York, NY, USA}
}

@article{broadbent2008ubq,
  title={{Universal blind quantum computation}},
  author={Broadbent, Anne and Fitzsimons, Joseph F. and Kashefi, Elham},
  journal={Arxiv preprint arXiv:0807.4154},
  year=2008
}


@article{mahadev2017,
  title={{Classical Homomorphic Encryption for Quantum Circuits}},
  author={Mahadev, Urmila},
  journal={Arxiv preprint arXiv:1708.02130v1},
  year=2017
}

@article{fk2012,
  title = {Unconditionally verifiable blind quantum computation},
  author = {Fitzsimons, Joseph F. and Kashefi, Elham},
  journal = {Phys. Rev. A},
  volume = {96},
  issue = {1},
  pages = {012303},
  numpages = {27},
  year = {2017},
  month = {Jul},
  publisher = {American Physical Society},
  doi = {10.1103/PhysRevA.96.012303},
  url = {https://link.aps.org/doi/10.1103/PhysRevA.96.012303}
}

@article{broadbent2016,
  title={{How to Verify a Quantum Computation}},
  author={Broadbent, A.},
  journal={Arxiv preprint arXiv:1509.09180},
  year=2015
}

@article{broadbent2012,
  title={{Quantum one-time programs}},
  author={Broadbent, A. and Gutoski, G. and Stebila, D.},
  journal={Arxiv preprint arXiv:1211.1080},
  year=2012
}

@article{tfmi2016,
  title={{Practically verifiable blind quantum computation with acceptance rate amplification}},
   author={Takeuchi, Y. and Fujii, K. and Morimae, T. and Imoto, N.},
  journal={Arxiv preprint arXiv:1607.01568},
  year=2016
}



@article{av2012,
  title={{Is Quantum Mechanics Falsifiable? A computational perspective on the foundations of Quantum Mechanics}},
  author={Aharonov, Dorit and Vazirani, Umesh},
  journal={Arxiv preprint arXiv:1206.3686},
  year=2012
}

@article{abe2008,
  title={{Interactive Proofs For Quantum Computations}},
  author={Aharonov, Dorit and Ben-Or, Micahel and Eban, Elad},
  journal={Arxiv preprint arXiv:0810.5375},
  year=2008
}

@article{mf2016,
  title={{Post hoc verification with a single prover}},
  author={Morimae, Tomoyuki and Fitzsimons, Joseph F.},
  journal={Arxiv preprint arXiv:1603.06046},
  year=2016
}

@article{morimae2014,
  title={{Verification for measurement-only blind computation}},
  author={Morimae, Tomoyuki},
  journal={Physical Review A 89},
  year=2014
}

@article{hm2015,
  title={{Verifiable Measurement-Only Blind Quantum Computating with Stabilizer Testing}},
  author={Hayashi, M. and Morimae, T.},
  journal={Physical Review Letters 115},
  year=2015
}

@article{mckague2013,
  title={{Interactive proofs for BQP via self-tested graph states}},
  author={Mckague, M.},
  journal={Arxiv preprint arXiv:1309.5675},
  year=2013
}

@article{gkw2015,
  title={{Robustness and device independence of verifiable blind quantum computing}},
  author={Gheorghiu, A. and Kashefi, E. and Wallden, P.},
  journal={New Journal of Physics 17, 083040},
  year=2015
}

@article{hpf2015,
  title={{Device-Independent Verifiable Blind Quantum Computation}},
  author={Hajdu\v{s}ek, M. and P\'{e}rez-Delgado, C. and Fitzsimons, J.},
  journal={Arxiv preprint arXiv:1502.02563},
  year=2015
}

@article{hh2016,
  title={{Self-guaranteed measurement-based quantum computation}},
  author={Hayashi, M. and Hajdu\v{s}ek, M.},
  journal={Arxiv preprint arXiv:1603.02195},
  year=2016
}



@article{bj2014,
  title={{Quantum homomorphic encryption for circuits of low T-gate complexity}},
  author={Broadbent, Anne and Jeffery, Stacey},
  journal={Arxiv preprint arXiv:1412.8766},
  year=2014
}

@article{ypf2014,
  title={{Limitations on information theoretically secure quantum homomorphic encryption}},
  author={Yu, L. and Perez-Delgado, C. and Fitzsimons, J.},
  journal={Arxiv preprint arXiv:1406.2456},
  year=2014
}



@article{ruv2012,
  title={{A classical leash for a quantum system}},
  author={Reichardt, B. and Unger, F. and Vazirani, U.},
  journal={Arxiv preprint arXiv:1209.0448},
  year=2012
}


%%%%%% experimental demos

%%% blind computing
@article{bkbfzw2012,
  title={{Demonstration of blind quantum computing}},
  author={Barz, S. and Kashefi, E. and Broadbent, A. and Fitzsimons, J. F. and Zeilinger, A. and Walther, P. },
  journal={Science 335, 303},
  year=2012
}

@article{grbmw2016,
  title={{Demonstration of measurement-only blind quantum computing}},
  author={Greganti, C. and Roehsner, MC. and Barz, s. and Morimae, T. and Walther, P.},
  journal={New Journal of Physics 18, 013020},
  year=2016
}

%%% trap based

@article{bfkw2013,
  title={{Demonstration of measurement-only blind quantum computing}},
  author={Barz, S. and Fitzsimons, J.F. and Kashefi, E. and Walther, P.},
  journal={Nature Physics 9, 727},
  year=2013
}




@article{dlt2002,
title = {{Quantum data hiding}},
author = {DiVincenzo, D. and Leung, D.W. and Terhal, B.M.},
journal = {IEEE Trans. Inf. Th., 48(3):580â€“599},
year = 2002
}
 



@conference{bennett1984qcp,
  title={{Quantum cryptography: Public key distribution and coin tossing}},
  author={Bennett, C.H. and Brassard, G.},
  booktitle={Proceedings of IEEE International Conference on Computers, Systems,
                  and Signal Processing},
  volume={175},
  year={1984}
}


@article{watrous2003phc,
  title={{PSPACE has constant-round quantum interactive proof systems}},
  author={Watrous, J.},
  journal={Theoretical Computer Science},
  volume={292},
  number={3},
  pages={575--588},
  year={2003},
  publisher={Elsevier}
}

@article{knill2008rbq,
  title={{Randomized benchmarking of quantum gates}},
  author={Knill, E. and Leibfried, D. and Reichle, R. and Britton, J. and Blakestad, RB and Jost, JD and Langer, C. and Ozeri, R. and Seidelin, S. and Wineland, DJ},
  journal={Physical Review A},
  volume={77},
  number={1},
  pages={12307},
  year={2008},
  publisher={APS}
}


@conference{roodman2003bap,
  title={{Blind Analysis in Particle Physics}},
  author={Roodman, A.},
  booktitle={Statistical Problems in Particle Physics, Astrophysics, and Cosmology, Proceedings of the PHYSTAT 2003 Conference held 8-11 September, 2003 at the Stanford Linear Accelerator Center. SLAC eConf C030908.
  \url{http://www.slac.stanford.edu/econf/C030908}., p. 166},
  year={2003}
}

@book{arora:ccm,
  title={{Computational Complexity: A Modern Approach}},
  author={Arora, S. and Barak, B.},
  publisher={Cambridge Univ. Press},
  year = {2009}
}


@article{shor1996,
  title={{Fault-tolerant quantum computation}},
  author={Shor, P.},
  journal={Arxiv preprint quant-ph/9605011},
  year={1996}
}

@article{aaronson2009,
  title={{BQP and the Polynomial Hierarchy}},
  author={Aaronson, S.},
  journal={Arxiv preprint quant-ph/0910.4698},
  year={2009}
}


@conference{abadi1987hio,
  title={{On hiding information from an oracle}},
  author={Abadi, M. and Feigenbaum, J. and Kilian, J.},
  booktitle={Proceedings of the nineteenth annual ACM conference on Theory of computing},
  pages={195--203},
  year={1987},
  organization={ACM New York, NY, USA}
}
@article{ambainis2008tre,
  title={{Tamper-resistant encryption of quantum information}},
  author={Ambainis, A. and Bouda, J. and Winter, A.},
  journal={Arxiv preprint arXiv:0808.0353},
  year={2008}
}

@article{ambainis2007qtd,
  title={{Quantum t-designs: t-wise independence in the quantum world}},
  author={Ambainis, A. and Emerson, J.},
  journal={Arxiv preprint quant-ph/0701126},
  year={2007}
}
@PHDTHESIS{JonathanThesis,
  AUTHOR =       {Jonathan Yaari},
  TITLE =        {\emph{Preprint:} Interactive Proofs as a Theory of Confirmation},
  SCHOOL =       {The Hebrew University of Jerusalem},
  YEAR= {2008}
}
%%%%%%%%%% jones and potts stuff
@article{potts,
  title={{Polynomial Quantum Algorithms for Additive approximations of the Potts model and other Points of the Tutte Plane}},
  author={Aharonov, D. and Arad, I. and Eban, E. and Landau, Z.},
  journal={Arxiv preprint quant-ph/0702008},
  year={2007}
}
@article{jonesHardness,
  title={{The BQP-hardness of approximating the Jones Polynomial}},
  author={Aharonov, D. and Arad, I.},
  journal={Arxiv preprint quant-ph/0605181},
  year={2006}
}

@article{fklw2001,
  title={{Topological Quantum Computation}},
  author={Freedman, M. and Kitaev, A. and Larsen, M. and Wang, Z.},
  journal={Arxiv preprint quant-ph/0101025},
  year={2001}
}

@article{bfld2009,
  title={{Approximate Counting and Quantum Computation}},
  author={Bordewich, M. and Freedman, M. and Lov\'{a}sz, L. and Welsh, D.},
  journal={Arxiv preprint 0908.2122},
  year={2009}
}


@conference{aharonov2006pqa,
  title={{A polynomial quantum algorithm for approximating the Jones polynomial}},
  author={Aharonov, D. and Jones, V. and Landau, Z.},
  booktitle={Proceedings of the thirty-eighth annual ACM symposium on Theory of computing},
  pages={427--436},
  year={2006},
  organization={ACM New York, NY, USA}
}
%%%%%%%%%%%%%%%%%%%%%%%%%%%%%
@conference{goldwasser2008dci,
  title={{Delegating computation: interactive proofs for muggles}},
  author={Goldwasser, S. and Kalai, Y.T. and Rothblum, G.N.},
  booktitle={Proceedings of the fourtieth annual ACM symposium on Theory of computing},
  pages={113--122},
  year={2008},
  organization={ACM New York, NY, USA}
}
@article{bravyi2005uqc,
  title={{Universal quantum computation with ideal Clifford gates and noisy ancillas}},
  author={Bravyi, S. and Kitaev, A.},
  journal={Physical Review A},
  volume={71},
  number={2},
  pages={22316},
  year={2005},
  publisher={APS}
}

@article{knill1998rqc,
  title={{Resilient Quantum Computation}},
  author={Knill, E. and Laflamme, R. and Zurek, W.H.},
  journal={Science},
  volume={279},
  number={5349},
  pages={342},
  year={1998},
  publisher={AAAS}
}


 @book{nielsen2000qcq,
  title={{Quantum Computation and Quantum Information}},
  author={Nielsen, M.A. and Chuang, I. and Grover, L.K.},
  year=2000,
  publisher={Cambridge Univ. Press}

}
@book{kitaev2002caq,
  title={{Classical and Quantum Computation}},
  author={Kitaev, A.Y. and Shen, A. and Vyalyi, M.N.},
  year=2002,
  publisher={American Mathematical Society}
}



@article{xzhamiltonian,
  title = {Realizable Hamiltonians for universal adiabatic quantum computers},
  author = {Biamonte, Jacob D. and Love, Peter J.},
  journal = {Phys. Rev. A},
  volume = {78},
  issue = {1},
  pages = {012352},
  numpages = {7},
  year = {2008},
  month = {Jul},
  publisher = {American Physical Society},
  doi = {10.1103/PhysRevA.78.012352},
  url = {https://link.aps.org/doi/10.1103/PhysRevA.78.012352}
}

@misc{mns2015,
    author = {Morimae, Tomoyuki and Nagaj, Daniel and Schuch, Norbert},
    title = {Quantum proofs can be verified using only single qubit measurements},
     journal={Arxiv preprint 1510.06789},
  year={2015}
}


 @article{watrous1999sbq,
  title={{Space-Bounded Quantum Complexity}},
  author={Watrous, J.},
  journal={Journal of Computer and System Sciences},
  volume=59,
  number=2,
  pages={281--326},
  year=1999,
  publisher={Elsevier}
}


@misc{aaronsonpost,
   author = {Daniel Gottesman},
   year = {2004},
   note = {As referenced in [\url{http://www.scottaaronson.com/blog/?p=284}; accessed 13-Apr-2017]}
 }
 
 @misc{vaziranitalk,
   author = {Umesh Vazirani},
   year = {2007},
   note = {Talk given in a conference in Japan}
 }
 



%%%%%%%%%%%%%%%%%%%%%%%%%%
@misc{BlindWiki,
   author = {Wikipedia},
   title = {Blind Experiment --- {W}ikipedia{,} The Free Encyclopedia},
   year = {2008},
   note = {[\url{https://en.wikipedia.org/wiki/Blinded_experiment}; accessed 20-Oct-2008]}
 }
 
 @misc{tracedistance,
   author = {Wikipedia},
   title = {Trace Distance --- {W}ikipedia{,} The Free Encyclopedia},
   year = {2018},
   note = {[\url{https://en.wikipedia.org/wiki/Trace_distance}; accessed 7-Jan-2018]}
 }
 
 
 
 %%%%%%%%%%%%%%%%%% Crypto
 
 @misc{lwr,
    author = {Joel Alwen and  Stephan Krenn and  Krzysztof Pietrzak and Daniel Wichs},
    title = {Learning with Rounding, Revisited: New Reduction, Properties and Applications},
    howpublished = {Cryptology ePrint Archive, Report 2013/098},
    year = {2013},
    note = {\url{https://eprint.iacr.org/2013/098}},
}
 
 @misc{bitansky2015,
    author = {Nir Bitansky and Omer Paneth and Daniel Wichs},
    title = {Perfect Structure on the Edge of Chaos},
    howpublished = {Cryptology ePrint Archive, Report 2015/126},
    year = {2015},
    note = {\url{http://eprint.iacr.org/2015/126}},
}


@misc{miccancio2012,
    author = {Daniele Micciancio and Chris Peikert},
    title = {Trapdoors for Lattices: Simpler, Tighter, Faster, Smaller},
    howpublished = {Cryptology ePrint Archive, Report 2011/501},
    year = {2011},
    note = {\url{http://eprint.iacr.org/2011/501}},
}




@misc{brakerski2013,
    author = {Zvika Brakerski and Vinod Vaikuntanathan},
    title = {Lattice-Based FHE as Secure as PKE},
    howpublished = {Cryptology ePrint Archive, Report 2013/541},
    year = {2013},
    note = {\url{http://eprint.iacr.org/2013/541}},
}

@misc{brakerski2011,
    author = {Zvika Brakerski and Vinod Vaikuntanathan},
    title = {Efficient Fully Homomorphic Encryption from (Standard) LWE},
    howpublished = {Siam Journal on Computing, Vol 43, No 2, pp. 831-871},
    year = {2014},
    note = {\url{http://epubs.siam.org/doi/pdf/10.1137/120868669}},
}


@inproceedings{PRS17,
	author    = {Chris Peikert and
	Oded Regev and
	Noah Stephens{-}Davidowitz},
	title     = {Pseudorandomness of ring-LWE for any ring and modulus},
	booktitle = {Proceedings of the 49th Annual {ACM} {SIGACT} Symposium on Theory
	of Computing, {STOC} 2017, Montreal, QC, Canada, June 19-23, 2017},
	pages     = {461--473},
	year      = {2017},
	crossref  = {DBLP:conf/stoc/2017},
	url       = {http://doi.acm.org/10.1145/3055399.3055489},
	doi       = {10.1145/3055399.3055489},
	timestamp = {Sat, 17 Jun 2017 18:46:57 +0200},
	biburl    = {http://dblp.org/rec/bib/conf/stoc/Peikert0S17},
	bibsource = {dblp computer science bibliography, http://dblp.org}
}
@proceedings{DBLP:conf/stoc/2017,
	editor    = {Hamed Hatami and
	Pierre McKenzie and
	Valerie King},
	title     = {Proceedings of the 49th Annual {ACM} {SIGACT} Symposium on Theory
	of Computing, {STOC} 2017, Montreal, QC, Canada, June 19-23, 2017},
	publisher = {{ACM}},
	year      = {2017},
	url       = {http://doi.acm.org/10.1145/3055399},
	doi       = {10.1145/3055399},
	isbn      = {978-1-4503-4528-6},
	timestamp = {Sat, 17 Jun 2017 18:46:21 +0200},
	biburl    = {http://dblp.org/rec/bib/conf/stoc/2017},
	bibsource = {dblp computer science bibliography, http://dblp.org}
}

@inproceedings{Peikert09,
	author    = {Chris Peikert},
	title     = {Public-key cryptosystems from the worst-case shortest vector
	problem: extended abstract},
	booktitle = {STOC},
	year      = {2009},
	pages     = {333-342},
	ee        = {http://doi.acm.org/10.1145/1536414.1536461},
	crossref  = {DBLP:conf/stoc/2009},
	bibsource = {DBLP, http://dblp.uni-trier.de}
}


@inproceedings{BLPRS13,
	author    = {Zvika Brakerski and
	Adeline Langlois and
	Chris Peikert and
	Oded Regev and
	Damien Stehl{\'{e}}},
	title     = {Classical hardness of learning with errors},
	booktitle = {Symposium on Theory of Computing Conference, STOC'13, Palo Alto, CA,
	USA, June 1-4, 2013},
	pages     = {575--584},
	year      = {2013},
	crossref  = {DBLP:conf/stoc/2013},
	url       = {http://doi.acm.org/10.1145/2488608.2488680},
	doi       = {10.1145/2488608.2488680},
	timestamp = {Sun, 26 May 2013 10:49:33 +0200},
	biburl    = {http://dblp.uni-trier.de/rec/bib/conf/stoc/BrakerskiLPRS13},
	bibsource = {dblp computer science bibliography, http://dblp.org}
}
@proceedings{DBLP:conf/stoc/2013,
	editor    = {Dan Boneh and
	Tim Roughgarden and
	Joan Feigenbaum},
	title     = {Symposium on Theory of Computing Conference, STOC'13, Palo Alto, CA,
	USA, June 1-4, 2013},
	publisher = {{ACM}},
	year      = {2013},
	url       = {http://dl.acm.org/citation.cfm?id=2488608},
	isbn      = {978-1-4503-2029-0},
	timestamp = {Sun, 26 May 2013 10:30:47 +0200},
	biburl    = {http://dblp.uni-trier.de/rec/bib/conf/stoc/2013},
	bibsource = {dblp computer science bibliography, http://dblp.org}
}


@inproceedings{regev2005,
 author = {Regev, Oded},
 title = {On Lattices, Learning with Errors, Random Linear Codes, and Cryptography},
 series = {STOC},
 year = {2005},
 pages = {84--93}
} 

@misc{gentry2008,
    author = {Craig Gentry and Chris Peikert and Vinod Vaikuntanathan},
    title = {Trapdoors for Hard Lattices and New Cryptographic Constructions},
    howpublished = {Cryptology ePrint Archive, Report 2007/432},
    year = {2007},
    note = {\url{http://eprint.iacr.org/2007/432}},
}


@inbook{speelman2016,
	Address = {Berlin, Heidelberg},
	Author = {Dulek, Yfke and Schaffner, Christian and Speelman, Florian},
	Booktitle = {Advances in Cryptology -- CRYPTO 2016: 36th Annual International Cryptology Conference, Santa Barbara, CA, USA, August 14-18, 2016, Proceedings, Part III},
	Doi = {10.1007/978-3-662-53015-3_1},
	Editor = {Robshaw, Matthew and Katz, Jonathan},
	Isbn = {978-3-662-53015-3},
	Pages = {3--32},
	Publisher = {Springer Berlin Heidelberg},
	Title = {Quantum Homomorphic Encryption for Polynomial-Sized Circuits},
	Url = {http://dx.doi.org/10.1007/978-3-662-53015-3_1},
	Year = {2016},
	Bdsk-Url-1 = {http://dx.doi.org/10.1007/978-3-662-53015-3_1}}

@misc{broadbentjeffery2014,
    author = {Anne Broadbent and Stacey Jeffery},
    title = {Quantum homomorphic encryption for circuits of low $T$-gate complexity},
    howpublished = {Cryptology ePrint Archive, Report 2015/551},
    year = {2015},
    note = {\url{http://eprint.iacr.org/2015/551}},
}


@misc{peikert2010,
    author = {Chris Peikert},
    title = {An Efficient and Parallel Gaussian Sampler for Lattices},
    howpublished = {Cryptology ePrint Archive, Report 2010/088},
    year = {2010},
    note = {\url{http://eprint.iacr.org/2010/088}},
}

@misc{gkv2010,
    author = {S. Dov Gordon and Jonathan Katz and Vinod Vaikuntanathan},
    title = {A Group Signature Scheme from Lattice Assumptions},
    howpublished = {Cryptology ePrint Archive, Report 2011/060},
    year = {2011},
    note = {\url{http://eprint.iacr.org/2011/060}},
}


@misc{peikertparity,
    author = {Chris Peikert},
    title = {Public-Key Cryptosystems from the Worst-Case Shortest Vector Problem},
    howpublished = {Cryptology ePrint Archive, Report 2008/481},
    year = {2008},
    note = {\url{http://eprint.iacr.org/2008/481}},
}


 @phdthesis{homomorphic,
     author = {Craig Gentry},
     title = {A fully homomorphic encryption scheme},
     school = {Stanford University},
     year = 2009,
     note = {\url{crypto.stanford.edu/craig}}
}

@article{abem,
  title={{Interactive Proofs for Quantum Computations}},
  author={Dorit Aharonov and Michael Ben-Or and Elad Eban and Urmila Mahadev},
  journal={Arxiv preprint 1704.04487},
  year={2017}
}



@article{flowpaper,
  title = {Flow Ambiguity: A Path Towards Classically Driven Blind Quantum Computation},
  author = {Mantri, Atul and Demarie, Tommaso F. and Menicucci, Nicolas C. and Fitzsimons, Joseph F.},
  journal = {Phys. Rev. X},
  volume = {7},
  issue = {3},
  pages = {031004},
  numpages = {15},
  year = {2017},
  month = {Jul},
  publisher = {American Physical Society},
  doi = {10.1103/PhysRevX.7.031004},
  url = {https://link.aps.org/doi/10.1103/PhysRevX.7.031004}
}



@misc{howtouseio,
    author = {Amit Sahai and Brent Waters},
    title = {How to Use Indistinguishability Obfuscation: Deniable Encryption, and More},
    howpublished = {Cryptology ePrint Archive, Report 2013/454},
    year = {2013},
    note = {\url{http://eprint.iacr.org/2013/454}},
}

@misc{fhelwe,
    author = {Craig Gentry and Amit Sahai and Brent Waters},
    title = {Homomorphic Encryption from Learning with Errors: Conceptually-Simpler, Asymptotically-Faster, Attribute-Based},
    howpublished = {Cryptology ePrint Archive, Report 2013/340},
    year = {2013},
    note = {\url{http://eprint.iacr.org/2013/340}},
}

@article{iointro,
 author = {Barak, Boaz and Goldreich, Oded and Impagliazzo, Russell and Rudich, Steven and Sahai, Amit and Vadhan, Salil and Yang, Ke},
 title = {On the (Im)Possibility of Obfuscating Programs},
 journal = {J. ACM},
 issue_date = {April 2012},
 volume = {59},
 number = {2},
 month = may,
 year = {2012},
 issn = {0004-5411},
 pages = {6:1--6:48},
 articleno = {6},
 numpages = {48},

} 

   @online{fhetalk,
        title = {Fully Homomorphic Encryption},
        date = {2015},
        howpublished = {Simons Institute},
        author = {Zvika Brakerski},
        note = {\url{https://www.youtube.com/watch?v=O8IvJAIvGJo}},
    }
       @online{fhecommitmenttalk,
        title = {Homomorphic Commitments and Signatures},
        date = {2015},
        howpublished = {Simons Institute},
        author = {Daniel Wichs},
        note = {\url{https://www.youtube.com/watch?v=1cQP1QYVjAI}},
    }




@misc{brakerski2012,
    author = {Zvika Brakerski},
    title = {Fully Homomorphic Encryption without Modulus Switching from Classical GapSVP},
    howpublished = {Cryptology ePrint Archive, Report 2012/078},
    year = {2012},
    note = {\url{http://eprint.iacr.org/2012/078}},
}



@inproceedings{leftoverhash,
 author = {Impagliazzo, Russell and Levin, Leonid A. and Luby, Michael},
 title = {Pseudo-random Generation from One-way Functions},
 booktitle = {Proceedings of the Twenty-first Annual ACM Symposium on Theory of Computing},
 series = {STOC '89},
 year = {1989},
 pages = {12--24},
 publisher = {ACM},
 address = {New York, NY, USA},
} 

@misc{peikertsurvey,
    author = {Chris Peikert},
    title = {A Decade of Lattice Cryptography},
    howpublished = {Cryptology ePrint Archive, Report 2015/939},
    year = {2015},
    note = {\url{http://eprint.iacr.org/2015/939}},
}

@misc{qhomomorphic1,
    author = {Tan, Si-Hui and Kettlewell, Joshua A. and Ouyang, Yingkai and Chen, Lin and Fitzsimons, Joseph F.},
    title = {A quantum approach to homomorphic encryption. Scientific reports},
    howpublished = {Scientific Reports, 6.},
    year = {2016},
}


@misc{qhomomorphic2,
    author = {Ouyang, Yingkai and Tan, Si-Hui and Fitzsimons, Joseph F.},
    title = {Quantum homomorphic encryption from quantum codes},
     journal={Arxiv preprint 1508.00938},
  year={2015}
}

@misc{qhomomorphic3,
    author = {Lai, Ching-Yi and Chung, Kai-Min},
    title = {On statistically-secure quantum homomorphic encryption},
     journal={Arxiv preprint 1705.00139},
  year={2017}
}

@misc{qhomomorphic4,
    author = {Newman, Michael and Shi, Yaoyun},
    title = {Limitations on Transversal Computation through Quantum Homomorphic Encryption},
     journal={Arxiv preprint 1704.07798},
  year={2017}
}

@article{banaszczyk1993new,
  title={New bounds in some transference theorems in the geometry of numbers},
  author={Banaszczyk, Wojciech},
  journal={Mathematische Annalen},
  volume={296},
  number={1},
  pages={625--635},
  year={1993},
  publisher={Springer}
}

@misc{distributionsuperpositions,
    author = {Grover, Lov and Rudolph, Terry},
    title = {Creating superpositions that correspond to efficiently integrable probability distributions},
     journal={Arxiv preprint 0208112},
  year={2002}
}
