@article{miller2014universal,
  title={Universal security for randomness expansion from the spot-checking protocol},
  author={Miller, Carl A and Shi, Yaoyun},
  journal={arXiv preprint arXiv:1411.6608},
  year={2014}
}

@article{chen2017computational,
  title={Computational Notions of Quantum Min-Entropy},
  author={Chen, Yi-Hsiu and Chung, Kai-Min and Lai, Ching-Yi and Vadhan, Salil P and Wu, Xiaodi},
  journal={arXiv preprint arXiv:1704.07309},
  year={2017}
}

@article{mahadev2017classical,
  title={Classical Homomorphic Encryption for Quantum Circuits},
  author={Mahadev, Urmila},
  journal={arXiv preprint arXiv:1708.02130},
  year={2017}
}

@article{miller2016robust,
  title={Robust protocols for securely expanding randomness and distributing keys using untrusted quantum devices},
  author={Miller, Carl A and Shi, Yaoyun},
  journal={Journal of the ACM (JACM)},
  volume={63},
  number={4},
  pages={33},
  year={2016},
  publisher={ACM}
}

@book{tomamichel2015quantum,
  title={Quantum Information Processing with Finite Resources: Mathematical Foundations},
  author={Tomamichel, Marco},
  volume={5},
  year={2015},
  publisher={Springer}
}

@article{tomamichel2009fully,
  title={A fully quantum asymptotic equipartition property},
  author={Tomamichel, Marco and Colbeck, Roger and Renner, Renato},
  journal={IEEE Transactions on Information Theory},
  volume={55},
  number={12},
  pages={5840--5847},
  year={2009},
  publisher={IEEE}
}

@article{maassen1988generalized,
  title={Generalized entropic uncertainty relations},
  author={Maassen, Hans and Uffink, Jos BM},
  journal={Physical Review Letters},
  volume={60},
  number={12},
  pages={1103},
  year={1988},
  publisher={APS}
}

@phdthesis{Colbeck09,
 author={Colbeck, R.},
 title={Quantum And Relativistic Protocols For Secure Multi-Party Computation},
school = {Trinity College, University of Cambridge},
 year={2006},
month = nov,
 eprint = {arXiv:0911.3814}
}

	@article{Pironio, 
	title={Random numbers certified by {B}ell's theorem.}, 
	volume={464},
	number={7291}, 
	journal={Nature},
	author={Pironio, S. and Acin, A. and Massar, S. and De La Giroday, A. Boyer and Matsukevich, D. N. and Maunz, P. and Olmschenk, S. and Hayes, D. and Luo, L. and Manning, T. A. and et al.},
	year={2010}}
	
	@unpublished{FGS11,
note = {Technical report arXiv:1111.6052},
author = {S. Fehr and R. Gelles and C. Schaffner},
title = {Security and Composability of Randomness Expansion from {B}ell Inequalities},
year = 2011}

@unpublished{PM11,
note = {Technical report arXiv:1111.6056},
author = {S. Pironio and S. Massar},
title = {Security of practical private randomness generation},
year = 2011}

@inproceedings{VV12,
 author = {Vazirani, Umesh and Vidick, Thomas},
 title = {Certifiable quantum dice: or, true random number generation secure against quantum adversaries},
 booktitle = {Proceedings of the 44th symposium on Theory of Computing},
 series = {STOC '12},
 year = {2011},
 pages = {61--76},
 numpages = {16},
 publisher = {ACM},
 note = {Also available as arXiv:1111.6054}
}
	
	@article{bierhorst2018experimentally,
  title={Experimentally Generated Randomness Certified by the Impossibility of Superluminal Signals},
  author={Bierhorst, Peter and Knill, Emanuel and Glancy, Scott and Zhang, Yanbao and Mink, Alan and Jordan, Stephen and Rommal, Andrea and Liu, Yi-Kai and Christensen, Bradley and Nam, Sae Woo and others},
  journal={arXiv preprint arXiv:1803.06219},
  year={2018}
}

@inproceedings{dulek2016quantum,
  title={Quantum homomorphic encryption for polynomial-sized circuits},
  author={Dulek, Yfke and Schaffner, Christian and Speelman, Florian},
  booktitle={Annual Cryptology Conference},
  pages={3--32},
  year={2016},
  organization={Springer}
}

@inproceedings{broadbent2015quantum,
  title={Quantum homomorphic encryption for circuits of low T-gate complexity},
  author={Broadbent, Anne and Jeffery, Stacey},
  booktitle={Annual Cryptology Conference},
  pages={609--629},
  year={2015},
  organization={Springer}
}

@article{harrow2017quantum,
  title={Quantum computational supremacy},
  author={Harrow, Aram W and Montanaro, Ashley},
  journal={Nature},
  volume={549},
  number={7671},
  pages={203},
  year={2017},
  publisher={Nature Publishing Group}
}

@inproceedings{clifford2018classical,
  title={The Classical Complexity of Boson Sampling},
  author={Clifford, Peter and Clifford, Rapha{\"e}l},
  booktitle={Proceedings of the Twenty-Ninth Annual ACM-SIAM Symposium on Discrete Algorithms},
  pages={146--155},
  year={2018},
  organization={SIAM}
}

@article{pednault2017breaking,
  title={Breaking the 49-qubit barrier in the simulation of quantum circuits},
  author={Pednault, Edwin and Gunnels, John A and Nannicini, Giacomo and Horesh, Lior and Magerlein, Thomas and Solomonik, Edgar and Wisnieff, Robert},
  journal={arXiv preprint arXiv:1710.05867},
  year={2017}
}

@inproceedings{lindner2011better,
  title={Better key sizes (and attacks) for LWE-based encryption},
  author={Lindner, Richard and Peikert, Chris},
  booktitle={Cryptographersâ€™ Track at the RSA Conference},
  pages={319--339},
  year={2011},
  organization={Springer}
}